
@Article{,
  author =       {},
  title =        {},
  journal =      {},
  year =         {},
  OPTkey =       {},
  OPTvolume =    {},
  OPTnumber =    {},
  OPTpages =     {},
  OPTmonth =     {},
  OPTnote =      {},
  OPTannote =    {},
  OPTdoi =       {}
}

@Article{,
  author =       {},
  title =        {},
  journal =      {},
  year =         {},
  OPTkey =       {},
  OPTvolume =    {},
  OPTnumber =    {},
  OPTpages =     {},
  OPTmonth =     {},
  OPTnote =      {},
  OPTannote =    {}
}

@Article{,
  author =       {},
  title =        {},
  journal =      {},
  year =         {},
  OPTkey =       {},
  OPTvolume =    {},
  OPTnumber =    {},
  OPTpages =     {},
  OPTmonth =     {},
  OPTnote =      {},
  OPTannote =    {}
}

@Article{,
  author =       {},
  title =        {},
  journal =      {},
  year =         {},
  OPTkey =       {},
  OPTvolume =    {},
  OPTnumber =    {},
  OPTpages =     {},
  OPTmonth =     {},
  OPTnote =      {},
  OPTannote =    {}
}
